[gd_scene load_steps=16 format=2]

[ext_resource path="res://Assets/Textures/Gui/Pause Background.png" type="Texture" id=1]
[ext_resource path="res://Assets/Fonts/RetroFont.ttf" type="DynamicFontData" id=2]
[ext_resource path="res://Assets/Textures/Gui/Buttons/button_big_1.png" type="Texture" id=3]
[ext_resource path="res://Assets/Textures/Gui/Buttons/button_big_0.png" type="Texture" id=4]
[ext_resource path="res://Assets/Textures/Gui/Buttons/button_big_selected.png" type="Texture" id=5]

[sub_resource type="GDScript" id=1]

script/source = "extends Node

var currently_selected_button

var options_scene = load(\"res://Assets/Scenes/Options.tscn\")
var options_scene_node

func _input(event):
	
	if event is InputEventMouseMotion:
		Input.set_mouse_mode(Input.MOUSE_MODE_VISIBLE)
		currently_selected_button = null
	elif event is InputEventJoypadButton or event is InputEventJoypadMotion:
		Input.set_mouse_mode(Input.MOUSE_MODE_HIDDEN)
	if not has_node(\"Options\"):
		if currently_selected_button == null:
			$\"Resume Button/Selection Box\".hide()
			$\"Options Button/Selection Box\".hide()
			$\"Quit Button/Selection Box\".hide()
		if not currently_selected_button == null:
			get_node((currently_selected_button+\"/Selection Box\")).hide()
		if event.is_action_pressed(\"ui_accept\"):
			if currently_selected_button == \"Resume Button\":
				_on_Resume_Button_pressed()
			elif currently_selected_button == \"Options Button\":
				_on_Options_Button_pressed()
			elif currently_selected_button == \"Quit Button\":
				_on_Quit_Button_pressed()
		if event.is_action_pressed(\"ui_up\"):
			if currently_selected_button == null:
				currently_selected_button = \"Resume Button\"
			elif currently_selected_button == \"Resume Button\":
				currently_selected_button = \"Quit Button\"
			elif currently_selected_button == \"Quit Button\":
				currently_selected_button = \"Options Button\"
			elif currently_selected_button == \"Options Button\":
				currently_selected_button = \"Resume Button\"
		elif event.is_action_pressed(\"ui_down\"):
			if currently_selected_button == null:
				currently_selected_button = \"Resume Button\"
			elif currently_selected_button == \"Resume Button\":
				currently_selected_button = \"Options Button\"
			elif currently_selected_button == \"Options Button\":
				currently_selected_button = \"Quit Button\"
			elif currently_selected_button == \"Quit Button\":
				currently_selected_button = \"Resume Button\"
		elif event.is_action_pressed(\"ui_left\"):
			if currently_selected_button == null:
				currently_selected_button = \"Resume Button\"
		elif event.is_action_pressed(\"ui_right\"):
			if currently_selected_button == null:
				currently_selected_button = \"Resume Button\"
		if not currently_selected_button == null:
			get_node((currently_selected_button+\"/Selection Box\")).show()

func _on_Resume_Button_pressed():
	get_tree().paused = false
	queue_free()


func _on_Options_Button_pressed():
	var file = File.new()
	file.open(\"res://tempinfo.dump\", file.WRITE)
	var temp_data = {
		menu_music_pos = null,
		last_scene = \"PauseMenu.tscn\"
	}
	file.store_line(to_json(temp_data))
	file.close()
	
	options_scene_node = options_scene.instance()
	add_child(options_scene_node)
	$\"Options\".global_position = get_node(\"/root/World/Player\").position - Vector2(512, 300)

func _on_Quit_Button_pressed():
	var dir = Directory.new()
	dir.remove(\"res://tempinfo.dump\")
	get_tree().paused = false
	get_tree().change_scene(\"res://Assets/Scenes/Menu.tscn\")
"

[sub_resource type="DynamicFont" id=2]

size = 50
use_mipmaps = false
use_filter = false
font_data = ExtResource( 2 )
_sections_unfolded = [ "Font", "Settings" ]

[sub_resource type="StyleBoxTexture" id=3]

content_margin_left = -1.0
content_margin_right = -1.0
content_margin_top = -1.0
content_margin_bottom = -1.0
texture = ExtResource( 3 )
region_rect = Rect2( 0, 0, 264, 104 )
margin_left = 0.0
margin_right = 0.0
margin_top = 0.0
margin_bottom = 0.0
expand_margin_left = 0.0
expand_margin_right = 0.0
expand_margin_top = 0.0
expand_margin_bottom = 0.0
modulate_color = Color( 1, 1, 1, 1 )
draw_center = true

[sub_resource type="StyleBoxTexture" id=4]

content_margin_left = -1.0
content_margin_right = -1.0
content_margin_top = -1.0
content_margin_bottom = -1.0
texture = ExtResource( 3 )
region_rect = Rect2( 0, 0, 264, 104 )
margin_left = 0.0
margin_right = 0.0
margin_top = 0.0
margin_bottom = 0.0
expand_margin_left = 0.0
expand_margin_right = 0.0
expand_margin_top = 0.0
expand_margin_bottom = 0.0
modulate_color = Color( 1, 1, 1, 1 )
draw_center = true

[sub_resource type="StyleBoxTexture" id=5]

content_margin_left = -1.0
content_margin_right = -1.0
content_margin_top = -1.0
content_margin_bottom = -1.0
texture = ExtResource( 4 )
region_rect = Rect2( 0, 0, 264, 104 )
margin_left = 0.0
margin_right = 0.0
margin_top = 0.0
margin_bottom = 0.0
expand_margin_left = 0.0
expand_margin_right = 0.0
expand_margin_top = 0.0
expand_margin_bottom = 0.0
modulate_color = Color( 1, 1, 1, 1 )
draw_center = true

[sub_resource type="DynamicFont" id=6]

size = 40
use_mipmaps = false
use_filter = false
font_data = ExtResource( 2 )
_sections_unfolded = [ "Font", "Settings" ]

[sub_resource type="StyleBoxTexture" id=7]

content_margin_left = -1.0
content_margin_right = -1.0
content_margin_top = -1.0
content_margin_bottom = -1.0
texture = ExtResource( 3 )
region_rect = Rect2( 0, 0, 264, 104 )
margin_left = 0.0
margin_right = 0.0
margin_top = 0.0
margin_bottom = 0.0
expand_margin_left = 0.0
expand_margin_right = 0.0
expand_margin_top = 0.0
expand_margin_bottom = 0.0
modulate_color = Color( 1, 1, 1, 1 )
draw_center = true

[sub_resource type="StyleBoxTexture" id=8]

content_margin_left = -1.0
content_margin_right = -1.0
content_margin_top = -1.0
content_margin_bottom = -1.0
texture = ExtResource( 3 )
region_rect = Rect2( 0, 0, 264, 104 )
margin_left = 0.0
margin_right = 0.0
margin_top = 0.0
margin_bottom = 0.0
expand_margin_left = 0.0
expand_margin_right = 0.0
expand_margin_top = 0.0
expand_margin_bottom = 0.0
modulate_color = Color( 1, 1, 1, 1 )
draw_center = true

[sub_resource type="DynamicFont" id=9]

size = 35
use_mipmaps = false
use_filter = false
font_data = ExtResource( 2 )
_sections_unfolded = [ "Font", "Settings" ]

[sub_resource type="DynamicFont" id=10]

size = 50
use_mipmaps = false
use_filter = false
font_data = ExtResource( 2 )
_sections_unfolded = [ "Font", "Settings" ]

[node name="Pause Menu" type="Node2D"]

pause_mode = 2
script = SubResource( 1 )
_sections_unfolded = [ "Pause", "Transform" ]

[node name="Translucent Background" type="Sprite" parent="." index="0"]

texture = ExtResource( 1 )
centered = false
__meta__ = {
"_edit_lock_": true
}

[node name="Pause Text" type="RichTextLabel" parent="." index="1"]

anchor_left = 0.0
anchor_top = 0.0
anchor_right = 0.0
anchor_bottom = 0.0
margin_top = 23.0
margin_right = 1024.0
margin_bottom = 97.0
rect_pivot_offset = Vector2( 0, 0 )
rect_clip_content = true
mouse_filter = 0
mouse_default_cursor_shape = 0
size_flags_horizontal = 1
size_flags_vertical = 1
custom_fonts/normal_font = SubResource( 2 )
bbcode_enabled = true
bbcode_text = "[center]Pause[/center]"
visible_characters = -1
percent_visible = 1.0
meta_underlined = true
tab_size = 4
text = "Pause"
scroll_active = true
scroll_following = false
selection_enabled = false
override_selected_font_color = false
_sections_unfolded = [ "BBCode", "custom_fonts" ]

[node name="Resume Button" type="Button" parent="." index="2"]

anchor_left = 0.0
anchor_top = 0.0
anchor_right = 0.0
anchor_bottom = 0.0
margin_left = 381.0
margin_top = 104.0
margin_right = 645.0
margin_bottom = 208.0
rect_pivot_offset = Vector2( 0, 0 )
focus_mode = 2
mouse_filter = 0
mouse_default_cursor_shape = 2
size_flags_horizontal = 1
size_flags_vertical = 1
custom_styles/hover = SubResource( 3 )
custom_styles/pressed = SubResource( 4 )
custom_styles/normal = SubResource( 5 )
custom_fonts/font = SubResource( 6 )
custom_colors/font_color = Color( 0, 0, 0, 1 )
custom_colors/font_color_hover = Color( 1, 0, 0, 1 )
custom_colors/font_color_pressed = Color( 1, 1, 1, 1 )
toggle_mode = false
enabled_focus_mode = 2
shortcut = null
group = null
text = "Resume"
flat = false
align = 1
_sections_unfolded = [ "Mouse", "Rect", "Theme", "custom_fonts", "custom_styles" ]

[node name="Selection Box" type="Sprite" parent="Resume Button" index="0"]

visible = false
position = Vector2( 132, 52 )
texture = ExtResource( 5 )

[node name="Options Button" type="Button" parent="." index="3"]

anchor_left = 0.0
anchor_top = 0.0
anchor_right = 0.0
anchor_bottom = 0.0
margin_left = 381.0
margin_top = 228.0
margin_right = 645.0
margin_bottom = 332.0
rect_pivot_offset = Vector2( 0, 0 )
focus_mode = 2
mouse_filter = 0
mouse_default_cursor_shape = 2
size_flags_horizontal = 1
size_flags_vertical = 1
custom_styles/hover = SubResource( 7 )
custom_styles/pressed = SubResource( 8 )
custom_styles/normal = SubResource( 5 )
custom_fonts/font = SubResource( 9 )
custom_colors/font_color = Color( 0, 0, 0, 1 )
custom_colors/font_color_hover = Color( 1, 0, 0, 1 )
custom_colors/font_color_pressed = Color( 1, 1, 1, 1 )
toggle_mode = false
enabled_focus_mode = 2
shortcut = null
group = null
text = "Options"
flat = false
align = 1
_sections_unfolded = [ "Rect", "custom_fonts", "custom_styles" ]

[node name="Selection Box" type="Sprite" parent="Options Button" index="0"]

visible = false
position = Vector2( 132, 52 )
texture = ExtResource( 5 )

[node name="Quit Button" type="Button" parent="." index="4"]

anchor_left = 0.0
anchor_top = 0.0
anchor_right = 0.0
anchor_bottom = 0.0
margin_left = 381.0
margin_top = 352.0
margin_right = 645.0
margin_bottom = 456.0
rect_pivot_offset = Vector2( 0, 0 )
focus_mode = 2
mouse_filter = 0
mouse_default_cursor_shape = 2
size_flags_horizontal = 1
size_flags_vertical = 1
custom_styles/hover = SubResource( 7 )
custom_styles/pressed = SubResource( 8 )
custom_styles/normal = SubResource( 5 )
custom_fonts/font = SubResource( 10 )
custom_colors/font_color = Color( 0, 0, 0, 1 )
custom_colors/font_color_hover = Color( 1, 0, 0, 1 )
custom_colors/font_color_pressed = Color( 1, 1, 1, 1 )
toggle_mode = false
enabled_focus_mode = 2
shortcut = null
group = null
text = "Quit"
flat = false
align = 1
_sections_unfolded = [ "Rect", "custom_fonts", "custom_styles" ]

[node name="Selection Box" type="Sprite" parent="Quit Button" index="0"]

visible = false
position = Vector2( 132, 52 )
texture = ExtResource( 5 )

[connection signal="pressed" from="Resume Button" to="." method="_on_Resume_Button_pressed"]

[connection signal="pressed" from="Options Button" to="." method="_on_Options_Button_pressed"]

[connection signal="pressed" from="Quit Button" to="." method="_on_Quit_Button_pressed"]


